%% a entries

%% b entries

@article{broman2018data,
  title={Data organization in spreadsheets},
  author={Broman, Karl W and Woo, Kara H},
  journal={The American Statistician},
  volume={72},
  number={1},
  pages={2--10},
  year={2018}
}

@article{bryan2018excuse,
  title={Excuse me, do you have a moment to talk about version control?},
  author={Bryan, Jennifer},
  journal={The American Statistician},
  volume={72},
  number={1},
  pages={20--27},
  year={2018}
}

%% c entries

%% d entries

%% e entries

@article{ellis2018share,
  title={How to share data for collaboration},
  author={Ellis, Shannon E and Leek, Jeffrey T},
  journal={The American Statistician},
  volume={72},
  number={1},
  pages={53--57},
  year={2018},
  publisher={Taylor \& Francis}
}

%% f entries

%% g entries

%% h entries

%% i entries

%% j entries

%% k entries

@inproceedings{krishnan2016towards,
  title={Towards reliable interactive data cleaning: A user survey and recommendations},
  author={Krishnan, Sanjay and Haas, Daniel and Franklin, Michael J and Wu, Eugene},
  booktitle={Proceedings of the Workshop on Human-In-the-Loop Data Analytics},
  pages={9},
  year={2016},
  organization={ACM}
}

%% l entries

%% m entries

@article{marwick2018packaging,
  title={Packaging data analytical work reproducibly using {R} (and friends)},
  author={Marwick, Ben and Boettiger, Carl and Mullen, Lincoln},
  journal={The American Statistician},
  volume={72},
  number={1},
  pages={80--88},
  year={2018}
}

%% n entries 

@article{nih2016strategic,
        Author = {{U.S. Department of Health and Human Services, National Institutes of Health}},
        Title = {{NIH-Wide Strategic Plan, Fiscal Years 2016-2020: Turning Discovery 
                     Into Health}},
        Url = {https://www.nih.gov/sites/default/files/about-nih/strategic-plan-fy2016-2020-508.pdf},
        Year = {2016},
        note = {Accessed: 2018-06-24}
}

@article{nih2018data,
        Author = {{U.S. Department of Health and Human Services, National Institutes of Health}},
        Title = {{NIH Strategic Plan for Data Science}},
        Url = {https://datascience.nih.gov/sites/default/files/NIH_Strategic_Plan_for_Data_Science_Final_508.pdf},
        Year = {2018},
        note = {Accessed: 2018-06-24}
}

%% o entries

%% p entries

%% q entries

%% r entries

%% s entries

%% t entries

%% u entries

%% v entries

%% w entries

%% x entries

%% y entries

%% z entries

