@article{ben2014estimation,
  title={Estimation method for serial dilution experiments},
  author={Ben-David, Avishai and Davidson, Charles E},
  journal={Journal of microbiological methods},
  volume={107},
  pages={214--221},
  year={2014},
  publisher={Elsevier}
}

@article{franzblau2012comprehensive,
  title={Comprehensive analysis of methods used for the evaluation of compounds against Mycobacterium tuberculosis},
  author={Franzblau, Scott G and DeGroote, Mary Ann and Cho, Sang Hyun and Andries, Koen and Nuermberger, Eric and Orme, Ian M and Mdluli, Khisimuzi and Angulo-Barturen, I{\~n}igo and Dick, Thomas and Dartois, Veronique and others},
  journal={Tuberculosis},
  volume={92},
  number={6},
  pages={453--488},
  year={2012},
  publisher={Elsevier}
}

@book{goldman2015practical,
  title={Practical Handbook of Microbiology},
  author={Goldman, Emanuel and Green, Lorrence H},
  year={2015},
  publisher={CRC Press}
}

@article{jennison1940evaluation,
  title={Evaluation of the errors involved in estimating bacterial numbers by the plating method},
  author={Jennison, Marshall W and Wadsworth, George P},
  journal={Journal of Bacteriology},
  volume={39},
  number={4},
  pages={389},
  year={1940},
  publisher={American Society for Microbiology (ASM)}
}

@article{pathak2012counting,
  title={Counting mycobacteria in infected human cells and mouse tissue: a comparison between {qPCR} and {CFU}},
  author={Pathak, Sharad and Awuh, Jane A and Leversen, Nils Anders and Flo, Trude H and {\AA}sj{\o}, Birgitta},
  journal={PLoS One},
  volume={7},
  number={4},
  pages={e34931},
  year={2012}
}

@article{sakamoto2012pathology,
  title={The pathology of {Mycobacterium tuberculosis} infection},
  author={Sakamoto, K},
  journal={Veterinary Pathology},
  volume={49},
  number={3},
  pages={423--439},
  year={2012}
}

@article{tomasiewicz1980most,
  title={The most suitable number of colonies on plates for counting},
  author={Tomasiewicz, Diane M and Hotchkiss, Donald K and Reinbold, George W and Read, Ralston B and Hartman, Paul A},
  journal={Journal of Food Protection},
  volume={43},
  number={4},
  pages={282--286},
  year={1980}
}

@article{wilson1922proportion,
  title={The proportion of viable bacteria in young cultures with especial reference to the technique employed in counting},
  author={Wilson, GS},
  journal={Journal of bacteriology},
  volume={7},
  number={4},
  pages={405},
  year={1922},
  publisher={American Society for Microbiology (ASM)}
}

@article{wilson1935bacteriological,
  title={The Bacteriological Grading of Milk.},
  author={Wilson,  GS},
  journal={The Bacteriological Grading of Milk.},
  number={206},
  year={1935},
  publisher={London: HMSO}
}